<record><leader>00000cas a22000007a 4500</leader><controlfield tag="001">12090015</controlfield><controlfield tag="008">850529d18131816nyuwr ne      0    0eng d</controlfield><datafield ind1=" " ind2=" " tag="010"><subfield code="a">sn 85026211 </subfield></datafield><datafield ind1=" " ind2=" " tag="040"><subfield code="a">NPX</subfield><subfield code="b">eng</subfield><subfield code="c">NPX</subfield><subfield code="d">OCLCQ</subfield><subfield code="d">OCLCG</subfield><subfield code="d">OCLCQ</subfield></datafield><datafield ind1=" " ind2=" " tag="042"><subfield code="a">msc</subfield></datafield><datafield ind1="0" ind2="0" tag="245"><subfield code="a">Greene &amp; Delaware Washingtonian.</subfield></datafield><datafield ind1="1" ind2="3" tag="246"><subfield code="a">Greene and Delaware Washingtonian</subfield></datafield><datafield ind1=" " ind2=" " tag="260"><subfield code="a">Catskill, N.Y. :</subfield><subfield code="b">Printed by Richard Corss, for James Bill,</subfield><subfield code="c">-1816.</subfield></datafield><datafield ind1=" " ind2=" " tag="300"><subfield code="a">v.</subfield></datafield><datafield ind1=" " ind2=" " tag="310"><subfield code="a">Weekly</subfield></datafield><datafield ind1="0" ind2=" " tag="362"><subfield code="a">-v. 3, no. 36 (July 31, 1816).</subfield></datafield><datafield ind1="1" ind2=" " tag="362"><subfield code="a">Began in Nov. 1813?</subfield><subfield code="z">Cf. Brigham, C.S. Amer. newspapers.</subfield></datafield><datafield ind1=" " ind2=" " tag="500"><subfield code="a">References: Shaw &amp; Shoemaker 28666; Brigham, C.S. Amer. newspapers, p. 564.</subfield></datafield><datafield ind1=" " ind2=" " tag="588"><subfield code="a">Description based on: Vol. 3, no. 36 (July 31, 1816).</subfield></datafield><datafield ind1="1" ind2=" " tag="700"><subfield code="a">Corss, Richard,</subfield><subfield code="d">1796?-1823.</subfield></datafield><datafield ind1="1" ind2=" " tag="700"><subfield code="a">Bill, James.</subfield></datafield><datafield ind1=" " ind2=" " tag="752"><subfield code="a">United States</subfield><subfield code="b">New York</subfield><subfield code="c">Greene</subfield><subfield code="d">Catskill.</subfield></datafield><datafield ind1="0" ind2="0" tag="780"><subfield code="t">Catskill emendator</subfield></datafield><datafield ind1="0" ind2="0" tag="785"><subfield code="t">Middle District gazette</subfield></datafield></record>